%----Introdução------------------------------------------
@MISC{IEEEsearch,
  author = "{IEEE.org}",
  title = "{IEEE Xplore Digital Library}",
  howpublished = "\url{http://ieeexplore.ieee.org/Xplore/home.jsp}",
  note = "Acesso em: 08-02-2016" 
}

%-------------------------------------------------------

@book{ward2015interactive,
  title={Interactive data visualization: foundations, techniques, and applications},
  author={Ward, Matthew O and Grinstein, Georges and Keim, Daniel},
  year={2015},
  publisher={CRC Press}
}

@book{spence2001information,
  title={Information visualization},
  author={Spence, Robert},
  volume={1},
  year={2001},
  publisher={Springer}
}

@inproceedings{keim2006challenges,
  title={Challenges in visual data analysis},
  author={Keim, Daniel A and Mansmann, Florian and Schneidewind, J{\"o}rn and Ziegler, Hartmut},
  booktitle={Tenth International Conference on Information Visualisation (IV'06)},
  pages={9--16},
  year={2006},
  organization={IEEE}
}

@article{gershon1998information,
  title={Information visualization},
  author={Gershon, Nahum and Eick, Stephen G and Card, Stuart},
  journal={interactions},
  volume={5},
  number={2},
  pages={9--15},
  year={1998},
  publisher={ACM}
}

%visualização de informações------------------

@article{vaz2004visualizacao,
  title={Visualiza{\c{c}}{\~a}o de Informa{\c{c}}{\~o}es},
  author={Vaz, Fernando Rosa and Carvalho, CL},
  journal={Universidade Federal de Goi{\'a}s},
  year={2004}
}

@article{freitas2001introduccao,
  title={Introdu{\c{c}}{\~a}o {\`a} visualiza{\c{c}}{\~a}o de informa{\c{c}}{\~o}es},
  author={Freitas, Carla Maria Dal Sasso and Chubachi, Olinda Mioka and Luzzardi, Paulo Roberto Gomes and Cava, Ricardo Andrade},
  journal={Revista de inform{\'a}tica te{\'o}rica e aplicada. Porto Alegre. Vol. 8, n. 2 (out. 2001), p. 143-158},
  year={2001}
}

%Multidimensional Projection------------------

@article{paulovich2008least,
  title={Least square projection: A fast high-precision multidimensional projection technique and its application to document mapping},
  author={Paulovich, Fernando V and Nonato, Luis G and Minghim, Rosane and Levkowitz, Haim},
  journal={IEEE Transactions on Visualization and Computer Graphics},
  volume={14},
  number={3},
  pages={564--575},
  year={2008},
  publisher={IEEE}
}

@article{dzemyda2013multidimensional,
  title={Multidimensional data visualization},
  author={Dzemyda, Gintautas and Kurasova, Olga and Zilinskas, J},
  journal={Methods and applications series: Springer optimization and its applications},
  volume={75},
  pages={122},
  year={2013},
  publisher={Springer}
}


%____________Conceitos e Ferramentas Web________________000000

@book{wang2013definitive,
  title={The definitive guide to HTML5 WebSocket},
  author={Wang, Vanessa and Salim, Frank and Moskovits, Peter},
  volume={1},
  year={2013},
  publisher={Springer}
}

@phdthesis{pagliosa2016visualizaccao,
  title={Visualiza{\c{c}}{\~a}o e explora{\c{c}}{\~a}o de dados multidimensionais na web},
  author={Pagliosa, Lucas de Carvalho},
  year={2016},
  school={Universidade de S{\~a}o Paulo}
}

____________________JSF - javaServer Faces _______________

@book{burns2010javaserver,
  title={JavaServer Faces 2.0},
  author={Burns, Ed and Schalk, Chris and Griffin, Neil},
  year={2010},
  publisher={McGraw-Hill}
}

@book{mann2013java,
  title={Java Server Faces in Action},
  author={Mann, Kito D},
  year={2013},
  publisher={Dreamtech Press}
}

@book{geary2012core,
  title={Core JavaServer Faces, 3/e},
  author={Geary, David and Horstmann, Cay},
  year={2013},
  publisher={Pearson Education India}
}

%----------------------------------
@inproceedings{shneiderman1996eyes,
  title={The eyes have it: A task by data type taxonomy for information visualizations},
  author={Shneiderman, Ben},
  booktitle={Visual Languages, 1996. Proceedings., IEEE Symposium on},
  pages={336--343},
  year={1996},
  organization={IEEE}
}

@book{ware2012information,
  title={Information visualization: perception for design},
  author={Ware, Colin},
  year={2012},
  publisher={Elsevier}
}

%D3 -----------Data driven Document-----------

@book{zhu2013data,
  title={Data visualization with D3. js cookbook},
  author={Zhu, Nick Qi},
  year={2013},
  publisher={Packt Publishing Ltd}
}

@book{murray2013interactive,
  title={Interactive data visualization for the Web},
  author={Murray, Scott},
  year={2013},
  publisher={" O'Reilly Media, Inc."}
}

@MISC{d3site,
  author = "{IEEE.org}",
  title = "{D3 : Gallery}",
  howpublished = "\url{https://github.com/d3/d3/wiki/Gallery}",
  note = "Acesso em: 08-02-2016" 
}



-------------------00000000000000000000000-------------------------------
--------jQuery-----------------------------------------------------------

@book{bibeault2008jquery,
  title={jQuery in Action},
  author={Bibeault, Bear and Kats, Yehuda},
  year={2015},
  publisher={Dreamtech Press}
}

@book{duckett2014web,
  title={Web Design with HTML, CSS, JavaScript and jQuery Set},
  author={Duckett, Jon},
  year={2014},
  publisher={Wiley Publishing}
}




____________________________________________________________________________


@Article{raxml,
  author = 	 {A.~Stamatakis},
  title = 	 {Raxml-VI-HPC: Maximum Likelihood-based Phylogenetic Analyses with Thousands of Taxa and Mixed Models},
  journal = 	 {Bioinformatics},
  year = 	 {2006},
  OPTkey = 	 {},
  volume = 	 {22},
  number = 	 {21},
  pages = 	 {2688-2690},
  OPTmonth = 	 {},
  OPTnote = 	 {},
  OPTannote = 	 {}
}

@inproceedings{barros2014investigaccao,
	title={Uma investiga{\c{c}}{\~a}o sobre as t{\'e}cnicas de visualiza{\c{c}}{\~a}o de informa{\c{c}}{\~a}o quantitativas e qualitativas},
	author={Barros, Diego and Prates, Raquel and Melo-Minardi, Raquel},
	booktitle={Proceedings of the 13th Brazilian Symposium on Human Factors in Computing Systems},
	pages={397--400},
	year={2014},
	organization={Sociedade Brasileira de Computa{\c{c}}{\~a}o}
}

@article{franccabig,
	title={Big Social Data: Princ{\'\i}pios sobre Coleta, Tratamento e An{\'a}lise de Dados Sociais},
	author={Fran{\c{c}}a, Tiago Cruz and de Faria, Fabr{\'\i}cio Firmino and Rangel, Fabio Medeiros and de Farias, Claudio Miceli and Oliveira, Jonice}
}

@article{koh2010maniwordle,
	title={Maniwordle: Providing flexible control over wordle},
	author={Koh, Kyle and Lee, Bongshin and Kim, Bohyoung and Seo, Jinwook},
	journal={Visualization and Computer Graphics, IEEE Transactions on},
	volume={16},
	number={6},
	pages={1190--1197},
	year={2010},
	publisher={IEEE}
}



@inproceedings{xu2016semantic,
  title={Semantic word cloud generation based on word embeddings},
  author={Xu, Jin and Tao, Yubo and Lin, Hai},
  booktitle={2016 IEEE Pacific Visualization Symposium (PacificVis)},
  pages={239--243},
  year={2016},
  organization={IEEE}
}

@inproceedings{joia2015uncovering,
		title={Uncovering representative groups in multidimensional projections},
	author={Joia, Paulo and Petronetto, Fabiano and Nonato, Luis Gustavo},
	booktitle={Computer Graphics Forum},
	volume={34},
	number={3},
	pages={281--290},
	year={2015},
	organization={Wiley Online Library}
}

@article{lee2010sparkclouds,
	title={Sparkclouds: Visualizing trends in tag clouds},
	author={Lee, Bongshin and Riche, Nathalie Henry and Karlson, Amy K and Carpendale, Sheelagh},
	journal={Visualization and Computer Graphics, IEEE Transactions on},
	volume={16},
	number={6},
	pages={1182--1189},
	year={2010},
	publisher={IEEE}
}

@inproceedings{collins2009parallel,
	title={Parallel tag clouds to explore and analyze faceted text corpora},
	author={Collins, Christopher and Viegas, Fernanda B and Wattenberg, Martin},
	booktitle={Visual Analytics Science and Technology, 2009. VAST 2009. IEEE Symposium on},
	pages={91--98},
	year={2009},
	organization={IEEE}
}

@inproceedings{pagliosa2013mist,
	title={MIST: Multiscale Information and Summaries of Texts},
	author={Pagliosa, Paulo and Martins, Rafael Messias and Cedrim, Douglas and Paiva, Ana and Minghim, Rosane and Nonato, Luis Gustavo},
	booktitle={Graphics, Patterns and Images (SIBGRAPI), 2013 26th SIBGRAPI-Conference on},
	pages={91--98},
	year={2013},
	organization={IEEE}
}

@article{havre2002themeriver,
	title={Themeriver: Visualizing thematic changes in large document collections},
	author={Havre, Susan and Hetzler, Elizabeth and Whitney, Paul and Nowell, Lucy},
	journal={Visualization and Computer Graphics, IEEE Transactions on},
	volume={8},
	number={1},
	pages={9--20},
	year={2002},
	publisher={IEEE}
}

@article{liu2012tiara,
	title={Tiara: Interactive, topic-based visual text summarization and analysis},
	author={Liu, Shixia and Zhou, Michelle X and Pan, Shimei and Song, Yangqiu and Qian, Weihong and Cai, Weijia and Lian, Xiaoxiao},
	journal={ACM Transactions on Intelligent Systems and Technology (TIST)},
	volume={3},
	number={2},
	pages={25},
	year={2012},
	publisher={ACM}
}

@article{cui2011textflow,
	title={Textflow: Towards better understanding of evolving topics in text},
	author={Cui, Weiwei and Liu, Shixia and Tan, Li and Shi, Conglei and Song, Yangqiu and Gao, Zekai J and Qu, Huamin and Tong, Xin},
	journal={Visualization and Computer Graphics, IEEE Transactions on},
	volume={17},
	number={12},
	pages={2412--2421},
	year={2011},
	publisher={IEEE}
}

@article{luo2012eventriver,
	title={Eventriver: Visually exploring text collections with temporal references},
	author={Luo, Dongning and Yang, Jing and Krstajic, Milos and Ribarsky, William and Keim, Daniel},
	journal={Visualization and Computer Graphics, IEEE Transactions on},
	volume={18},
	number={1},
	pages={93--105},
	year={2012},
	publisher={IEEE}
}

@inproceedings{viegas2004studying,
	title={Studying cooperation and conflict between authors with history flow visualizations},
	author={Vi{\'e}gas, Fernanda B and Wattenberg, Martin and Dave, Kushal},
	booktitle={Proceedings of the SIGCHI conference on Human factors in computing systems},
	pages={575--582},
	year={2004},
	organization={ACM}
}

@article{wattenberg2008word,
	title={The word tree, an interactive visual concordance},
	author={Wattenberg, Martin and Vi{\'e}gas, Fernanda B},
	journal={Visualization and Computer Graphics, IEEE Transactions on},
	volume={14},
	number={6},
	pages={1221--1228},
	year={2008},
	publisher={IEEE}
}

@article{van2009mapping,
	title={Mapping text with phrase nets},
	author={Van Ham, Frank and Wattenberg, Martin and Vi{\'e}gas, Fernanda B},
	journal={Visualization and Computer Graphics, IEEE Transactions on},
	volume={15},
	number={6},
	pages={1169--1176},
	year={2009},
	publisher={IEEE}
}

@inproceedings{collins2009docuburst,
	title={Docuburst: Visualizing document content using language structure},
	author={Collins, Christopher and Carpendale, Sheelagh and Penn, Gerald},
	booktitle={Computer graphics forum},
	volume={28},
	number={3},
	pages={1039--1046},
	year={2009},
	organization={Wiley Online Library}
}

@inproceedings{keim2007literature,
	title={Literature fingerprinting: A new method for visual literary analysis},
	author={Keim, Daniel and Oelke, Daniela and others},
	booktitle={Visual Analytics Science and Technology, 2007. VAST 2007. IEEE Symposium on},
	pages={115--122},
	year={2007},
	organization={IEEE}
}

@inproceedings{miller1998topic,
	title={TOPIC ISLANDS TM-a wavelet-based text visualization system},
	author={Miller, Nancy E and Wong, Pak Chung and Brewster, Mary and Foote, Harlan},
	booktitle={Visualization'98. Proceedings},
	pages={189--196},
	year={1998},
	organization={IEEE}
}

@article{andrews2002infosky,
	title={The infosky visual explorer: exploiting hierarchical structure and document similarities},
	author={Andrews, Keith and Kienreich, Wolfgang and Sabol, Vedran and Becker, Jutta and Droschl, Georg and Kappe, Frank and Granitzer, Michael and Auer, Peter and Tochtermann, Klaus},
	journal={Information Visualization},
	volume={1},
	number={3-4},
	pages={166--181},
	year={2002},
	publisher={SAGE Publications}
}


@article{paulovich2008hipp,
	title={Hipp: A novel hierarchical point placement strategy and its application to the exploration of document collections},
	author={Paulovich, Fernando V and Minghim, Rosane},
	journal={Visualization and Computer Graphics, IEEE Transactions on},
	volume={14},
	number={6},
	pages={1229--1236},
	year={2008},
	publisher={IEEE}
}

@article{mao2007sequential,
	title={Sequential document visualization},
	author={Mao, Yi and Dillon, Joshua V and Lebanon, Guy},
	journal={Visualization and Computer Graphics, IEEE Transactions on},
	volume={13},
	number={6},
	pages={1208--1215},
	year={2007},
	publisher={IEEE}
}

@incollection{oesterling2014topology,
	title={A Topology-Based Approach to Visualize the Thematic Composition of Document Collections},
	author={Oesterling, Patrick and Heine, Christian and Weber, Gunther H and Scheuermann, Gerik},
	booktitle={Text Mining},
	pages={63--85},
	year={2014},
	publisher={Springer}
}



@MISC{Scholar,
  author = "{Google Scholar}",
  title = "{Google Scholar Search}",
  howpublished = "\url{https://scholar.google.com.br/scholar?hl=en&q=text+visualization&btnG=&as_sdt=1%2C5}",
  note = "Acesso em: 08-02-2016" 
}


@article{bengio2004out,
	title={Out-of-sample extensions for lle, isomap, mds, eigenmaps, and spectral clustering},
	author={Bengio, Yoshua and Paiement, Jean-Fran{\c{c}}ois and Vincent, Pascal and Delalleau, Olivier and Le Roux, Nicolas and Ouimet, Marie},
	journal={Advances in neural information processing systems},
	volume={16},
	pages={177--184},
	year={2004},
	publisher={Cambridge, MA, USA: MIT Press}
}

@book{ward2010interactive,
	title={Interactive data visualization: foundations, techniques, and applications},
	author={Ward, Matthew O and Grinstein, Georges and Keim, Daniel},
	year={2010},
	publisher={CRC Press}
}

@book{langville2011google,
  title={Google's PageRank and beyond: The science of search engine rankings},
  author={Langville, Amy N and Meyer, Carl D},
  year={2011},
  publisher={Princeton University Press}
}

@article{de2006mecanismos,
  title={Mecanismos de Ranqueamento na Web aplicados na Busca e Recupera{\c{c}}{\~a}o de Componentes de Software},
  author={de Albuquerque Melo, C{\'a}ssio},
  year={2006}
}


@misc{bergstromeigenfactor,
  title={Eigenfactor: Measuring thevalue and prestige of scholarly journals. C\& RL News. 68 (5), 2007},
  author={Bergstrom, Carl}
}

@inproceedings{wesley2015static,
  title={Static ranking of scholarly papers using article-level eigenfactor (alef)},
  author={Wesley-Smith, Ian and Bergstrom, Carl T and West, Jevin D},
  booktitle={9th ACM International Conference on Web Search and Data Mining. ACM},
  year={2015}
}

@book{obe2014postgresql,
  title={PostgreSQL: Up and Running: A Practical Introduction to the Advanced Open Source Database},
  author={Obe, Regina O and Hsu, Leo S},
  year={2014},
  publisher={" O'Reilly Media, Inc."}
}
@MISC{posgresql_documentation,
  author = "{The PostgreSQL Global Development Group}",
  title = "{PostgreSQL 9.6rc1 Documentation}",
  howpublished = "\url{https://www.postgresql.org/files/documentation/pdf/9.6/postgresql-9.6-A4.pdf}",
  note = "Acesso em: 07-09-2016" 
}

@book{mccandless2010lucene,
  title={Lucene in Action: Covers Apache Lucene 3.0},
  author={McCandless, Michael and Hatcher, Erik and Gospodnetic, Otis},
  year={2010},
  publisher={Manning Publications Co.}
}
